%Reference for The Book

@book{PapadimitriouBook, 
 title={Algorithms},
  author={Sanjoy Dasgupta and Christos Papadimitriou and Umesh Vazirani},
  year={2007},
  address={Boston},
  publisher={{McGraw Hill}}
}

@book{KleinbergBook, 
 title={{Algorithm Design}},
  author={{Jon Kleinberg and \grave{E}va Tardos}},
  year={2006},
  address={Boston},
  publisher={{Pearson/Addison Wesley}}
}

@book{ZhuBook, 
 title={{算法设计与分析}},
  author={{朱大铭，马绍汉}},
  year={2009},
  address={北京},
  publisher={{高等教育出版社}}
}

@book{PapadimitriouBook1982, 
 title={{Combinatorial Optimization: Algorithms and Complexity}},
 author={{Christos H. Papadimitriou and Kenneth Steiglitz}}, 
   year={1982},
  address={{New Jersey}},
  publisher={{Prentice-Hall Inc.}}
}

@book{ManberBook, 
 title={{Introduction to the Theory of Computation}},
 author={{Udi Manber}}, 
   year={1989},
  address={{Boston}},
  publisher={{Addison-Wesley}}
}

@book{SipserBook, 
 title={{Introduction to Algorithms: A Creative Approach}},
 author={{Michael Sipser}}, 
   year={1997},
  address={{Boston}},
  publisher={{PWS Publishing}}
}

@book{HardBook, 
 title={{Algorithmics for Hard Problems}},
 author={{Juraj Hromkovi$\breve{c}$}}, 
   year={2002},
publisher={{Springer}},
address={{Berlin}}
}



@book{100YearsOnTheRoad, 
title={{100 Years on the Road: The Traveling Salesman in American Culture}}, 
author={{Timothy B. Spears}},  
year={1997},
publisher={{Yale University Press}},
address={{New Haven}}
}

@book{VaziraniBook, 
title={{Approximation Algorithms}}, 
author={{Vijay V. Vazirani}},  
year={2001},
publisher={{Springer-Verlag}},
address={{Berlin Heidelberg}}
}


%%%%%%% ARTICLE %%%%%

@article{Kendal1938, 
 author = {Maurice Kendall},
 title = {A New Measure of Rank Correlation},
 journal = {Biometrika},
 volume = {30},
 number={1--2},
 year = {1938},
 pages = {81--89},
 doi = {10.1093/biomet/30.1-2.81}
}


@article{Skiena1999, 
 author = {Steven S. Skiena},
 title = {Who is interested in algorithms and why?},
 journal = {ACM SIGACT News},
 volume = {30},
 year = {1999},
 issn = {0004-5411},
 pages = {65--74},
 doi = {10.1145/333623.333627}
}

@article{Bellman1962,
 author = {Bellman, Richard},
 title = {Dynamic Programming Treatment of the Travelling Salesman Problem},
 journal = {J. ACM},
 issue_date = {Jan. 1962},
 volume = {9},
 number = {1},
 month = jan,
 year = {1962},
 issn = {0004-5411},
 pages = {61--63},
 numpages = {3},
 url = {http://doi.acm.org/10.1145/321105.321111},
 doi = {10.1145/321105.321111},
 acmid = {321111},
 publisher = {ACM},
 address = {New York, NY, USA},
} 


@inproceedings{HeldKarp1961,
 author = {Held, Michael and Karp, Richard M.},
 title = {A Dynamic Programming Approach to Sequencing Problems},
 booktitle = {Proceedings of the 1961 16th ACM National Meeting},
 series = {ACM '61},
 year = {1961},
 pages = {71.201--71.204},
 numpages = {1.003},
 url = {http://doi.acm.org/10.1145/800029.808532},
 doi = {10.1145/800029.808532},
 acmid = {808532},
 publisher = {ACM},
 address = {New York, NY, USA},
}


@article{Knuth1976,
author = {E. Knuth, Donald},
year = {1976},
month = {04},
pages = {18-24},
title = {{Big Omicron and big Omega and big Theta}},
volume = {8},
journal = {ACM SIGACT News},
doi = {10.1145/1008328.1008329}
}

@article{LinKernighan1973,
    title={An Effective Heuristic Algorithm for the Traveling-Salesman Problem},
    author={Shen Lin and Brian W. Kernighan},
    journal={{Operations Research}},
    volume={21},
    pages={498--516},
    year={1973}
}

@article{Dill1997,
    title={Additivity principles in biochemistry},
    author={K. A. Dill},
    journal={{The Journal of Biological Chemistry}},
    volume={272},
    pages={701--704},
    year={1997}
}


@inproceedings{RAPTOR2003,
    author = {Jinbo Xu and Ming Li and Guohui Lin and Dongsup Kim and Ying Xu},
    title = {Protein Threading by Linear Programming},
    booktitle = {Biocomputing: Proceedings of the 2003 Paci Symposium},
    year = {2003},
    volume={8},
    pages = {264--275}
}


@book{Tooze1999,
  title={Introduction to protein structure},
  author={Branden, C. and Tooze, J.},
  year={1999},
  address={New York},
  publisher={Garland Publishing}
}


@misc{anfinsen1972studies,
    title={Studies on the principles that govern the folding of protein chains},
    author={Anfinsen, Christian B},
    year={1972}
}


%Reference for The Book


@article{Dill1997,
    title={Additivity principles in biochemistry},
    author={K. A. Dill},
    journal={{The Journal of Biological Chemistry}},
    volume={272},
    pages={701--704},
    year={1997}
}


@inproceedings{RAPTOR2003,
    author = {Jinbo Xu and Ming Li and Guohui Lin and Dongsup Kim and Ying Xu},
    title = {Protein Threading by Linear Programming},
    booktitle = {Biocomputing: Proceedings of the 2003 Paci Symposium},
    year = {2003},
    volume={8},
    pages = {264--275}
}


@book{Tooze1999,
  title={Introduction to protein structure},
  author={Branden, C. and Tooze, J.},
  year={1999},
  address={New York},
  publisher={Garland Publishing}
}


@misc{anfinsen1972studies,
    title={Studies on the principles that govern the folding of protein chains},
    author={Anfinsen, Christian B},
    year={1972}
}


@book{kleinberg2006algorithm,
  title={Algorithm design},
  author={Kleinberg, Jon and Tardos, Eva},
  year={2006},
  publisher={Pearson Education India}
}

@misc{cormen2001introduction,
  title={Introduction to algorithms second edition},
  author={Cormen, Thomas H and Leiserson, Charles E and Rivest, Ronald L and Stein, Clifford},
  year={2001},
  publisher={The MIT Press}
}

@book{motwani1995randomized,
  title={Randomized algorithms},
  author={Motwani, Rajeev and Raghavan, Prabhakar},
  year={1995},
  publisher={Cambridge university press}
}

@book{papadimitriou1998combinatorial,
  title={Combinatorial optimization: algorithms and complexity},
  author={Papadimitriou, Christos H and Steiglitz, Kenneth},
  year={1998},
  publisher={Courier Corporation}
}

@book{du2011design,
  title={Design and analysis of approximation algorithms},
  author={Du, Ding-Zhu and Ko, Ker-I and Hu, Xiaodong},
  volume={62},
  year={2011},
  publisher={Springer Science \& Business Media}
}

@book{manber1989introduction,
  title={Introduction to algorithms: a creative approach},
  author={Manber, Udi},
  volume={4},
  year={1989},
  publisher={Addison-Wesley Reading, MA}
}

@book{mitzenmacher2005probability,
  title={Probability and computing: Randomized algorithms and probabilistic analysis},
  author={Mitzenmacher, Michael and Upfal, Eli},
  year={2005},
  publisher={Cambridge university press}
}

@article{garey1979guide,
  title={A Guide to the Theory of NP-Completeness},
  author={Garey, Michael R},
  journal={Computers and intractability},
  year={1979},
  publisher={WH Freeman \& Co}
}

@book{vazirani2013approximation,
  title={Approximation algorithms},
  author={Vazirani, Vijay V},
  year={2013},
  publisher={Springer Science \& Business Media}
}



@article{akra1998solution,
  title={On the solution of linear recurrence equations},
  author={Akra, Mohamad and Bazzi, Louay},
  journal={Computational Optimization and Applications},
  volume={10},
  number={2},
  pages={195--210},
  year={1998},
  publisher={Springer}
}

@article{gale1962college,
  title={College admissions and the stability of marriage},
  author={Gale, David and Shapley, Lloyd S},
  journal={The American Mathematical Monthly},
  volume={69},
  number={1},
  pages={9--15},
  year={1962},
  publisher={Taylor \& Francis}
}

@article{shapley2012stable,
  title={Stable matching: Theory, evidence, and practical design},
  author={Shapley, Alvin Roth Lloyd and Roth, A},
  journal={URL: http://www. nobelprize. org/nobel \_ prizes/economic-sciences/laureates/2012/popular-economicsciences2012. pdf},
  year={2012}
}

@article{skiena1999interested,
  title={Who is interested in algorithms and why?: lessons from the stony brook algorithms repository},
  author={Skiena, Steven},
  journal={ACM SIGACT News},
  volume={30},
  number={3},
  pages={65--74},
  year={1999},
  publisher={Citeseer}
}

@article{hopcroft1973duality,
  title={Duality applied to the complexity of matrix multiplication and other bilinear forms},
  author={Hopcroft, John and Musinski, Jean},
  journal={SIAM Journal on Computing},
  volume={2},
  number={3},
  pages={159--173},
  year={1973},
  publisher={SIAM}
}

@article{anderson2009coppersmith,
  title={The Coppersmith-Winograd Matrix Multiplication Algorithm},
  author={Anderson, Matthew and Barman, Siddharth},
  year={2009}
}

@article{lueker1980some,
  title={Some techniques for solving recurrences},
  author={Lueker, George S},
  journal={ACM Computing Surveys (CSUR)},
  volume={12},
  number={4},
  pages={419--436},
  year={1980},
  publisher={ACM}
}

@book{hasselstrom2003fast,
  title={Fast division of large integers: A comparison of algorithms},
  author={Hasselstr{\"o}m, Karl},
  year={2003}
}

@article{hoare1962quicksort,
  title={Quicksort},
  author={Hoare, Charles AR},
  journal={The Computer Journal},
  volume={5},
  number={1},
  pages={10--16},
  year={1962},
  publisher={Oxford University Press}
}

@inproceedings{alon1994finding,
  title={Finding and counting given length cycles},
  author={Alon, Noga and Yuster, Raphael and Zwick, Uri},
  booktitle={European Symposium on Algorithms},
  pages={354--364},
  year={1994},
  organization={Springer}
}

@article{eppstein1995dynamic,
  title={Dynamic Euclidean minimum spanning trees and extrema of binary functions},
  author={Eppstein, David},
  journal={Discrete \& Computational Geometry},
  volume={13},
  number={1},
  pages={111--122},
  year={1995},
  publisher={Springer}
}

@article{eppstein2000fast,
  title={Fast hierarchical clustering and other applications of dynamic closest pairs},
  author={Eppstein, David},
  journal={Journal of Experimental Algorithmics (JEA)},
  volume={5},
  pages={1},
  year={2000},
  publisher={ACM}
}

@misc{molerfourier,
  title={Fourier analysis},
  author={Moler, Cleve}
}

@article{karatsuba1995complexity,
  title={The complexity of computations},
  author={Karatsuba, ANATOLII ALEXEEVICH},
  journal={Proceedings of the Steklov Institute of Mathematics-Interperiodica Translation},
  volume={211},
  pages={169--183},
  year={1995},
  publisher={Providence, RI: American Mathematical Society}
}

@article{anagnostopoulos2011sorting,
  title={Sorting and selection on dynamic data},
  author={Anagnostopoulos, Aris and Kumar, Ravi and Mahdian, Mohammad and Upfal, Eli},
  journal={Theoretical Computer Science},
  volume={412},
  number={24},
  pages={2564--2576},
  year={2011},
  publisher={North-Holland, P. O. Box 211 Amsterdam 1000 AE Netherlands}
}



@article{strassen1969gaussian,
  title={Gaussian elimination is not optimal},
  author={Strassen, Volker},
  journal={Numerische mathematik},
  volume={13},
  number={4},
  pages={354--356},
  year={1969},
  publisher={Springer}
}

@article{godbole1973efficient,
  title={On efficient computation of matrix chain products},
  author={Godbole, Sadashiva S},
  journal={IEEE Transactions on Computers},
  volume={100},
  number={9},
  pages={864--866},
  year={1973},
  publisher={IEEE}
}

@techreport{hu1981computation,
  title={Computation of Matrix Chain Products. Part I, Part II.},
  author={Hu, TC and Shing, MT},
  year={1981},
  institution={STANFORD UNIV CA DEPT OF COMPUTER SCIENCE}
}

@article{needleman1970general,
  title={A general method applicable to the search for similarities in the amino acid sequence of two proteins},
  author={Needleman, Saul B and Wunsch, Christian D},
  journal={Journal of molecular biology},
  volume={48},
  number={3},
  pages={443--453},
  year={1970},
  publisher={Elsevier}
}

@article{waterman1981identification,
  title={Identification of common molecular subsequence},
  author={Waterman, MS},
  journal={Mol. Biol},
  volume={147},
  pages={195--197},
  year={1981}
}

@article{smith1985statistical,
  title={The statistical distribution of nucleic acid similarities},
  author={Smith, Temple F and Waterman, Michael S and Burks, Christian},
  journal={Nucleic Acids Research},
  volume={13},
  number={2},
  pages={645--656},
  year={1985},
  publisher={Oxford University Press}
}

@article{waterman1994sequence,
  title={Sequence comparison significance and Poisson approximation},
  author={Waterman, Michael S and Vingron, Martin},
  journal={Statistical Science},
  pages={367--381},
  year={1994},
  publisher={JSTOR}
}

@inproceedings{zhang2007implementation,
  title={Implementation of the Smith-Waterman algorithm on a reconfigurable supercomputing platform},
  author={Zhang, Peiheng and Tan, Guangming and Gao, Guang R},
  booktitle={Proceedings of the 1st international workshop on High-performance reconfigurable computing technology and applications: held in conjunction with SC07},
  pages={39--48},
  year={2007},
  organization={ACM}
}

@article{hirschberg1975linear,
  title={A linear space algorithm for computing maximal common subsequences},
  author={Hirschberg, Daniel S.},
  journal={Communications of the ACM},
  volume={18},
  number={6},
  pages={341--343},
  year={1975},
  publisher={ACM}
}

@article{altschul1990basic,
  title={Basic local alignment search tool},
  author={Altschul, Stephen F and Gish, Warren and Miller, Webb and Myers, Eugene W and Lipman, David J},
  journal={Journal of molecular biology},
  volume={215},
  number={3},
  pages={403--410},
  year={1990},
  publisher={Elsevier}
}

@article{bellman1958routing,
  title={On a routing problem},
  author={Bellman, Richard},
  journal={Quarterly of applied mathematics},
  volume={16},
  number={1},
  pages={87--90},
  year={1958}
}

@article{dreyfus2002richard,
  title={Richard Bellman on the birth of dynamic programming},
  author={Dreyfus, Stuart},
  journal={Operations Research},
  volume={50},
  number={1},
  pages={48--51},
  year={2002},
  publisher={Informs}
}

@article{horowitz1974computing,
  title={Computing partitions with applications to the knapsack problem},
  author={Horowitz, Ellis and Sahni, Sartaj},
  journal={Journal of the ACM (JACM)},
  volume={21},
  number={2},
  pages={277--292},
  year={1974},
  publisher={ACM}
}

@article{odlyzko1990rise,
  title={The rise and fall of knapsack cryptosystems},
  author={Odlyzko, Andrew M},
  journal={Cryptology and computational number theory},
  volume={42},
  pages={75--88},
  year={1990}
}

@article{held1962dynamic,
  title={A dynamic programming approach to sequencing problems},
  author={Held, Michael and Karp, Richard M},
  journal={Journal of the Society for Industrial and Applied Mathematics},
  volume={10},
  number={1},
  pages={196--210},
  year={1962},
  publisher={SIAM}
}

@misc{kellerer2003knapsack,
  title={Knapsack problems. 2004},
  author={Kellerer, Hans and Pferschy, Ulrich and Pisinger, David},
  year={2003},
  publisher={Springer, Berlin}
}



@article{dijkstra1959note,
  title={A note on two problems in connexion with graphs},
  author={Dijkstra, Edsger W},
  journal={Numerische mathematik},
  volume={1},
  number={1},
  pages={269--271},
  year={1959},
  publisher={Springer}
}

@article{floyd1962algorithm,
  title={Algorithm 97: shortest path},
  author={Floyd, Robert W},
  journal={Communications of the ACM},
  volume={5},
  number={6},
  pages={345},
  year={1962},
  publisher={ACM}
}

@article{seidel2005top,
  title={Top-down analysis of path compression},
  author={Seidel, Raimund and Sharir, Micha},
  journal={SIAM Journal on Computing},
  volume={34},
  number={3},
  pages={515--525},
  year={2005},
  publisher={SIAM}
}

@article{hopcroft1973set,
  title={Set merging algorithms},
  author={Hopcroft, John E. and Ullman, Jeffrey D.},
  journal={SIAM Journal on Computing},
  volume={2},
  number={4},
  pages={294--303},
  year={1973},
  publisher={SIAM}
}

@article{tarjan1975efficiency,
  title={Efficiency of a good but not linear set union algorithm},
  author={Tarjan, Robert Endre},
  journal={Journal of the ACM (JACM)},
  volume={22},
  number={2},
  pages={215--225},
  year={1975},
  publisher={ACM}
}

@article{warshall1962theorem,
  title={A theorem on boolean matrices},
  author={Warshall, Stephen},
  journal={Journal of the ACM (JACM)},
  volume={9},
  number={1},
  pages={11--12},
  year={1962},
  publisher={ACM}
}

@article{johnson1977efficient,
  title={Efficient algorithms for shortest paths in sparse networks},
  author={Johnson, Donald B},
  journal={Journal of the ACM (JACM)},
  volume={24},
  number={1},
  pages={1--13},
  year={1977},
  publisher={ACM}
}

@article{suurballe1974disjoint,
  title={Disjoint paths in a network},
  author={Suurballe, JW},
  journal={Networks},
  volume={4},
  number={2},
  pages={125--145},
  year={1974},
  publisher={Wiley Online Library}
}

@article{misa2010interview,
  title={An interview with edsger w. dijkstra},
  author={Misa, Thomas J and Frana, Philip L},
  journal={Communications of the ACM},
  volume={53},
  number={8},
  pages={41--47},
  year={2010},
  publisher={ACM}
}

@article{kruskal1956shortest,
  title={On the shortest spanning subtree of a graph and the traveling salesman problem},
  author={Kruskal, Joseph B},
  journal={Proceedings of the American Mathematical society},
  volume={7},
  number={1},
  pages={48--50},
  year={1956},
  publisher={JSTOR}
}

@article{prim1957shortest,
  title={Shortest connection networks and some generalizations},
  author={Prim, Robert Clay},
  journal={Bell system technical journal},
  volume={36},
  number={6},
  pages={1389--1401},
  year={1957},
  publisher={Wiley Online Library}
}

@article{shannon1948mathematical,
  title={A mathematical theory of communication},
  author={Shannon, Claude Elwood},
  journal={Bell system technical journal},
  volume={27},
  number={3},
  pages={379--423},
  year={1948},
  publisher={Wiley Online Library}
}

@article{price1982claude,
  title={E.“Claude E. Shannon: An Interview Conducted by Robert Price”},
  author={Price, Robert},
  journal={IEEE History Center, Interview},
  volume={423},
  pages={28},
  year={1982}
}

@article{norberg1989interview,
  title={An interview with Robert M. Fano},
  author={Norberg, Arthur L},
  journal={Charles Babbage Institute, Center for the History of Information Processing},
  year={1989}
}

@article{huffman1952method,
  title={A method for the construction of minimum-redundancy codes},
  author={Huffman, David A},
  journal={Proceedings of the IRE},
  volume={40},
  number={9},
  pages={1098--1101},
  year={1952},
  publisher={IEEE}
}

@article{stix1991encoding,
  title={Encoding theneatness' of ones and zeroes.},
  author={Stix, Gary},
  journal={Scientific American},
  volume={265},
  number={3},
  pages={54--55},
  year={1991},
  publisher={Scientific American Inc.}
}

@article{floyd1964algorithm,
  title={Algorithm 245: treesort},
  author={Floyd, Robert W},
  journal={Communications of the ACM},
  volume={7},
  number={12},
  pages={701},
  year={1964},
  publisher={ACM}
}

@article{pivkinadiscovery,
  title={Discovery of Huffman codes},
  author={Pivkina, Inna}
}

@article{oxley2003matroid,
  title={What is a matroid},
  author={Oxley, James},
  journal={Cubo Matem{\'a}tica Educacional},
  volume={5},
  number={3},
  pages={179--218},
  year={2003}
}

@article{whitney1935abstract,
  title={On the abstract properties of linear dependence},
  author={Whitney, Hassler},
  journal={American Journal of Mathematics},
  volume={57},
  number={3},
  pages={509--533},
  year={1935},
  publisher={JSTOR}
}

@incollection{whitney2009non,
  title={Non-separable and planar graphs},
  author={Whitney, Hassler},
  booktitle={Classic Papers in Combinatorics},
  pages={25--48},
  year={2009},
  publisher={Springer}
}

@article{edmonds1971matroids,
  title={Matroids and the greedy algorithm},
  author={Edmonds, Jack},
  journal={Mathematical programming},
  volume={1},
  number={1},
  pages={127--136},
  year={1971},
  publisher={Springer}
}

@article{vuillemin1978data,
  title={A data structure for manipulating priority queues},
  author={Vuillemin, Jean},
  journal={Communications of the ACM},
  volume={21},
  number={4},
  pages={309--315},
  year={1978},
  publisher={ACM}
}

@article{fredman1987fibonacci,
  title={Fibonacci heaps and their uses in improved network optimization algorithms},
  author={Fredman, Michael L and Tarjan, Robert Endre},
  journal={Journal of the ACM (JACM)},
  volume={34},
  number={3},
  pages={596--615},
  year={1987},
  publisher={ACM}
}


@article{albers1986interview,
  title={An interview with George B. Dantzig: The father of linear programming},
  author={Albers, Donald J and Reid, Constance},
  journal={The college mathematics journal},
  volume={17},
  number={4},
  pages={292--314},
  year={1986},
  publisher={Taylor \& Francis}
}

@article{dantzig1990diet,
  title={The diet problem},
  author={Dantzig, George B},
  journal={Interfaces},
  volume={20},
  number={4},
  pages={43--47},
  year={1990},
  publisher={INFORMS}
}

@article{dantzig2002linear,
  title={Linear programming},
  author={Dantzig, George B},
  journal={Operations research},
  volume={50},
  number={1},
  pages={42--47},
  year={2002},
  publisher={INFORMS}
}

@book{dantzig2016linear,
  title={Linear programming and extensions},
  author={Dantzig, George},
  year={2016},
  publisher={Princeton university press}
}

@incollection{rebennack2008ellipsoid,
  title={Ellipsoid methodEllipsoid Method},
  author={Rebennack, Steffen},
  booktitle={Encyclopedia of Optimization},
  pages={890--899},
  year={2008},
  publisher={Springer}
}

@misc{goemans2005lecture,
  title={Lecture notes on the ellipsoid algorithm},
  author={Goemans, Michel X},
  year={2005},
  publisher={MIT}
}

@article{bland1981ellipsoid,
  title={The ellipsoid method: A survey},
  author={Bland, Robert G and Goldfarb, Donald and Todd, Michael J},
  journal={Operations research},
  volume={29},
  number={6},
  pages={1039--1091},
  year={1981},
  publisher={INFORMS}
}

@inproceedings{karmarkar1984new,
  title={A new polynomial-time algorithm for linear programming},
  author={Karmarkar, Narendra},
  booktitle={Proceedings of the sixteenth annual ACM symposium on Theory of computing},
  pages={302--311},
  year={1984},
  organization={ACM}
}

@article{greenberg1997klee,
  title={Klee-minty polytope shows exponential time complexity of simplex method},
  author={Greenberg, Harvey J},
  journal={University of Colorado at Denver, Denver},
  year={1997}
}

@inproceedings{spielman2001smoothed,
  title={Smoothed analysis of algorithms: Why the simplex algorithm usually takes polynomial time},
  author={Spielman, Daniel and Teng, Shang-Hua},
  booktitle={Proceedings of the thirty-third annual ACM symposium on Theory of computing},
  pages={296--305},
  year={2001},
  organization={ACM}
}

@article{makhorin2008glpk,
  title={GLPK (GNU linear programming kit)},
  author={Makhorin, Andrew},
  journal={http://www. gnu. org/s/glpk/glpk. html},
  year={2008}
}

@inproceedings{karmarkar1984new,
  title={A new polynomial-time algorithm for linear programming},
  author={Karmarkar, Narendra},
  booktitle={Proceedings of the sixteenth annual ACM symposium on Theory of computing},
  pages={302--311},
  year={1984},
  organization={ACM}
}

@article{wright2005interior,
  title={The interior-point revolution in optimization: history, recent developments, and lasting consequences},
  author={Wright, Margaret},
  journal={Bulletin of the American mathematical society},
  volume={42},
  number={1},
  pages={39--56},
  year={2005}
}

@article{avis2004solving,
  title={Solving inequalities and proving Farkas's Lemma made easy},
  author={Avis, David and Kaluzny, Bohdan},
  journal={The American Mathematical Monthly},
  volume={111},
  number={2},
  pages={152--157},
  year={2004},
  publisher={Taylor \& Francis}
}


@article{ford1956maximal,
  title={Maximal flow through a network},
  author={Ford, Lester R and Fulkerson, Delbert R},
  journal={Canadian journal of Mathematics},
  volume={8},
  number={3},
  pages={399--404},
  year={1956}
}

@inproceedings{dinic1970algorithm,
  title={Algorithm for solution of a problem of maximum flow in networks with power estimation},
  author={Dinic, Efim A},
  booktitle={Soviet Math. Doklady},
  volume={11},
  pages={1277--1280},
  year={1970}
}

@incollection{dinitz2006dinitz,
  title={Dinitz’algorithm: The original version and Even’s version},
  author={Dinitz, Yefim},
  booktitle={Theoretical computer science},
  pages={218--240},
  year={2006},
  publisher={Springer}
}

@inproceedings{sidhu1991finding,
  title={Finding disjoint paths in networks},
  author={Sidhu, Deepinder and Nair, Raj and Abdallah, Shukri},
  booktitle={ACM SIGCOMM Computer Communication Review},
  volume={21},
  number={4},
  pages={43--51},
  year={1991},
  organization={ACM}
}

@article{edmonds1972theoretical,
  title={Theoretical improvements in algorithmic efficiency for network flow problems},
  author={Edmonds, Jack and Karp, Richard M},
  journal={Journal of the ACM (JACM)},
  volume={19},
  number={2},
  pages={248--264},
  year={1972},
  publisher={ACM}
}

@article{goldberg1990finding,
  title={Finding minimum-cost circulations by successive approximation},
  author={Goldberg, Andrew V and Tarjan, Robert E},
  journal={Mathematics of Operations Research},
  volume={15},
  number={3},
  pages={430--466},
  year={1990},
  publisher={INFORMS}
}

@article{edmonds1965maximum,
  title={Maximum matching and a polyhedron with 0, 1-vertices},
  author={Edmonds, Jack},
  journal={Journal of research of the National Bureau of Standards B},
  volume={69},
  number={125-130},
  pages={55--56},
  year={1965}
}

@article{edmonds1965paths,
  title={Paths, trees, and flowers},
  author={Edmonds, Jack},
  journal={Canadian Journal of mathematics},
  volume={17},
  number={3},
  pages={449--467},
  year={1965}
}

@article{klein1967primal,
  title={A primal method for minimal cost flows with applications to the assignment and transportation problems},
  author={Klein, Morton},
  journal={Management Science},
  volume={14},
  number={3},
  pages={205--220},
  year={1967},
  publisher={INFORMS}
}

@inproceedings{orlin2013max,
  title={Max flows in O (nm) time, or better},
  author={Orlin, James B},
  booktitle={Proceedings of the forty-fifth annual ACM symposium on Theory of computing},
  pages={765--774},
  year={2013},
  organization={ACM}
}

@book{junger200950,
  title={50 Years of integer programming 1958-2008: From the early years to the state-of-the-art},
  author={J{\"u}nger, Michael and Liebling, Thomas M and Naddef, Denis and Nemhauser, George L and Pulleyblank, William R and Reinelt, Gerhard and Rinaldi, Giovanni and Wolsey, Laurence A},
  year={2009},
  publisher={Springer Science \& Business Media}
}

@article{goldberg1990finding,
  title={Finding minimum-cost circulations by successive approximation},
  author={Goldberg, Andrew V and Tarjan, Robert E},
  journal={Mathematics of Operations Research},
  volume={15},
  number={3},
  pages={430--466},
  year={1990},
  publisher={INFORMS}
}

@article{kolmogorov2004energy,
  title={What energy functions can be minimizedvia graph cuts?},
  author={Kolmogorov, Vladimir and Zabih, Ramin},
  journal={IEEE Transactions on Pattern Analysis \& Machine Intelligence},
  number={2},
  pages={147--159},
  year={2004},
  publisher={IEEE}
}

@article{schrijver2004polyhedral,
  title={Polyhedral Combinatorics and Combinatorial Optimization},
  author={Schrijver, Alexander},
  journal={Journ{\'e}e Annuelle-Recherche Op{\'e}rationnelle},
  volume={15},
  pages={59--74},
  year={2004},
  publisher={Citeseer}
}

@article{berge1957two,
  title={Two theorems in graph theory},
  author={Berge, Claude},
  journal={Proceedings of the National Academy of Sciences},
  volume={43},
  number={9},
  pages={842--844},
  year={1957},
  publisher={National Acad Sciences}
}

@article{hopcroft1973n,
  title={An n\^{}5/2 algorithm for maximum matchings in bipartite graphs},
  author={Hopcroft, John E and Karp, Richard M},
  journal={SIAM Journal on computing},
  volume={2},
  number={4},
  pages={225--231},
  year={1973},
  publisher={SIAM}
}

@article{hall1935representatives,
  title={On representatives of subsets},
  author={Hall, Philip},
  journal={Journal of the London Mathematical Society},
  volume={1},
  number={1},
  pages={26--30},
  year={1935},
  publisher={Wiley Online Library}
}

@article{kuhn1955hungarian,
  title={The Hungarian method for the assignment problem},
  author={Kuhn, Harold W},
  journal={Naval research logistics quarterly},
  volume={2},
  number={1-2},
  pages={83--97},
  year={1955},
  publisher={Wiley Online Library}
}

@article{munkres1957algorithms,
  title={Algorithms for the assignment and transportation problems},
  author={Munkres, James},
  journal={Journal of the society for industrial and applied mathematics},
  volume={5},
  number={1},
  pages={32--38},
  year={1957},
  publisher={SIAM}
}

@article{yang2013differential,
  title={Differential gene expression analysis using coexpression and RNA-Seq data},
  author={Yang, Ei-Wen and Girke, Thomas and Jiang, Tao},
  journal={Bioinformatics},
  volume={29},
  number={17},
  pages={2153--2161},
  year={2013},
  publisher={Oxford University Press}
}


@incollection{karp1972reducibility,
  title={Reducibility among combinatorial problems},
  author={Karp, Richard M},
  booktitle={Complexity of computer computations},
  pages={85--103},
  year={1972},
  publisher={Springer}
}

@article{adleman1994molecular,
  title={Molecular computation of solutions to combinatorial problems},
  author={Adleman, Leonard M},
  journal={Science},
  volume={266},
  number={5187},
  pages={1021--1024},
  year={1994},
  publisher={American Association for the Advancement of Science}
}

@article{adleman1998computing,
  title={Computing with DNA},
  author={Adleman, Leonard M},
  journal={Scientific american},
  volume={279},
  number={2},
  pages={54--61},
  year={1998},
  publisher={JSTOR}
}

@article{compeau2011apply,
  title={How to apply de Bruijn graphs to genome assembly},
  author={Compeau, Phillip EC and Pevzner, Pavel A and Tesler, Glenn},
  journal={Nature biotechnology},
  volume={29},
  number={11},
  pages={987},
  year={2011},
  publisher={Nature Publishing Group}
}

@inproceedings{cook1971complexity,
  title={The complexity of theorem-proving procedures},
  author={Cook, Stephen A},
  booktitle={Proceedings of the third annual ACM symposium on Theory of computing},
  pages={151--158},
  year={1971},
  organization={ACM}
}

@article{cook2006p,
  title={The P versus NP problem},
  author={Cook, Stephen},
  journal={The millennium prize problems},
  pages={86},
  year={2006},
  publisher={American Mathematical Soc.}
}

@article{crescenzi1997compendium,
  title={A compendium of NP optimization problems},
  author={Crescenzi, Pierluigi and Kann, Viggo and Halld{\'o}rsson, Magn{\'u}s and Karpinski, Marek and Woeginger, Gerhard},
  journal={URL: http://www. nada. kth. se/\~{} viggo/problemlist/compendium. html},
  year={1997}
}


@article{clausen1999branch,
  title={Branch and bound algorithms-principles and examples},
  author={Clausen, Jens},
  journal={Department of Computer Science, University of Copenhagen},
  pages={1--30},
  year={1999}
}

@inproceedings{marx2006parameterized,
  title={Parameterized complexity and approximation algorithms},
  author={M{\'a}rx, Daniel},
  booktitle={Comput. J},
  year={2006},
  organization={Citeseer}
}

@article{niedermeier2002invitation,
  title={Invitation to fixed-parameter algorithms},
  author={Niedermeier, Rolf},
  journal={Habilitationschrift, University of T{\"u}bingen},
  volume={19},
  year={2002},
  publisher={Citeseer}
}


@inproceedings{karger1993global,
  title={Global Min-cuts in RNC, and Other Ramifications of a Simple Min-Cut Algorithm.},
  author={Karger, David R},
  booktitle={SODA},
  volume={93},
  pages={21--30},
  year={1993}
}


@techreport{williamson1999lecture,
  title={Lecture notes on approximation algorithms},
  author={Williamson, David P},
  year={1999},
  institution={Technical Report RC--21409, IBM}
}

@inproceedings{xu2005rapid,
  title={Rapid protein side-chain packing via tree decomposition},
  author={Xu, Jinbo},
  booktitle={Annual International Conference on Research in Computational Molecular Biology},
  pages={423--439},
  year={2005},
  organization={Springer}
}

@article{xu2000protein,
  title={Protein threading using PROSPECT: design and evaluation},
  author={Xu, Ying and Xu, Dong},
  journal={Proteins: Structure, Function, and Bioinformatics},
  volume={40},
  number={3},
  pages={343--354},
  year={2000},
  publisher={Wiley Online Library}
}

























